@Article{Luo2009,
author="Luo, Weijun
and Friedman, Michael S.
and Shedden, Kerby
and Hankenson, Kurt D.
and Woolf, Peter J.",
title="GAGE: generally applicable gene set enrichment for pathway analysis",
journal="BMC Bioinformatics",
year="2009",
volume="10",
number="1",
pages="1--17",
abstract="Gene set analysis (GSA) is a widely used strategy for gene expression data analysis based on pathway knowledge. GSA focuses on sets of related genes and has established major advantages over individual gene analyses, including greater robustness, sensitivity and biological relevance. However, previous GSA methods have limited usage as they cannot handle datasets of different sample sizes or experimental designs.",
issn="1471-2105",
doi="10.1186/1471-2105-10-161",
url="http://dx.doi.org/10.1186/1471-2105-10-161"
}

@Article{Luo2008,
author="Luo, W.
and Hankenson, K. D.
and Woolf, P. J.",
title="Learning transcriptional regulatory networks from high throughput gene expression data using continuous three-way mutual information",
journal="BMC Bioinformatics",
year="2008",
volume="9",
doi="10.1186/1471-2105-9-467",
url="http://dx.doi.org/10.1186/1471-2105-9-467"
}

@Article{Nam2008,
author="Nam, D.
and Kim, S. Y.",
title="Gene-set approach for expression pattern analysis",
journal="Brief Bioinform",
year="2008",
volume="9",
doi="10.1093/bib/bbn001",
url="http://dx.doi.org/10.1093/bib/bbn001"
}

@Article{Subramanian2005,
author="Subramanian, A.
and Tamayo, P.
and Mootha, V. K.
and Mukherjee, S.
and Ebert, B. L.
and Gillette, M. A.
and Paulovich, A.
and Pomeroy, S. L.
and Golub, T. R.
and Lander, E. S.",
title="Gene set enrichment analysis: a knowledge-based approach for interpreting genome-wide expression profiles",
journal="Proc Natl Acad Sci USA",
year="2005",
volume="102",
doi="10.1073/pnas.0506580102",
url="http://dx.doi.org/10.1073/pnas.0506580102"
}

@Article{Mootha2003,
author="Mootha, V. K.
and Lindgren, C. M.
and Eriksson, K. F.
and Subramanian, A.
and Sihag, S.
and Lehar, J.
and Puigserver, P.
and Carlsson, E.
and Ridderstrale, M.
and Laurila, E.",
title="PGC-1alpha-responsive genes involved in oxidative phosphorylation are coordinately downregulated in human diabetes",
journal="Nat Genet",
year="2003",
volume="34",
doi="10.1038/ng1180",
url="http://dx.doi.org/10.1038/ng1180"
}

@Article{Kim2005,
author="Kim, S. Y.
and Volsky, D. J.",
title="PAGE: parametric analysis of gene set enrichment",
journal="BMC Bioinformatics",
year="2005",
volume="6",
doi="10.1186/1471-2105-6-144",
url="http://dx.doi.org/10.1186/1471-2105-6-144"
}

@Article{Newton2007,
author="Newton, M. A.
and Quintana, F. A.
and Den Boon, J. A.
and Sengupta, S.
and Ahlquist, P.",
title="Random-set methods identify distinct aspects of the enrichment signal in gene-set analysis",
journal="Ann Appl Stat",
year="2007",
volume="1",
doi="10.1214/07-AOAS104",
url="http://dx.doi.org/10.1214/07-AOAS104"
}

@Article{Boorsma2005,
author="Boorsma, A.
and Foat, B. C.
and Vis, D.
and Klis, F.
and Bussemaker, H. J.",
title="T-profiler: scoring the activity of predefined groups of genes using gene expression data",
journal="Nucleic Acids Res",
year="2005",
volume="33",
doi="10.1093/nar/gki484",
url="http://dx.doi.org/10.1093/nar/gki484"
}

@Article{Tian2005,
author="Tian, L.
and Greenberg, S. A.
and Kong, S. W.
and Altschuler, J.
and Kohane, I. S.
and Park, P. J.",
title="Discovering statistically significant pathways in expression profiling studies",
journal="Proc Natl Acad Sci USA",
year="2005",
volume="102",
doi="10.1073/pnas.0506577102",
url="http://dx.doi.org/10.1073/pnas.0506577102"
}

@Article{Dinu2007,
author="Dinu, I.
and Potter, J. D.
and Mueller, T.
and Liu, Q.
and Adewale, A. J.
and Jhangri, G. S.
and Einecke, G.
and Famulski, K. S.
and Halloran, P.
and Yasui, Y.",
title="Improving gene set analysis of microarray data by SAM-GS",
journal="BMC Bioinformatics",
year="2007",
volume="8",
doi="10.1186/1471-2105-8-242",
url="http://dx.doi.org/10.1186/1471-2105-8-242"
}

@Article{Barry2005,
author="Barry, W. T.
and Nobel, A. B.
and Wright, F. A.",
title="Significance analysis of functional categories in gene expression studies: a structured permutation approach",
journal="Bioinformatics",
year="2005",
volume="21",
doi="10.1093/bioinformatics/bti260",
url="http://dx.doi.org/10.1093/bioinformatics/bti260"
}

@Article{Goeman2007,
author="Goeman, J. J.
and Buhlmann, P.",
title="Analyzing gene expression data in terms of gene sets: methodological issues",
journal="Bioinformatics",
year="2007",
volume="23",
doi="10.1093/bioinformatics/btm051",
url="http://dx.doi.org/10.1093/bioinformatics/btm051"
}

@Article{Liu2007,
author="Liu, Q.
and Dinu, I.
and Adewale, A. J.
and Potter, J. D.
and Yasui, Y.",
title="Comparative evaluation of gene-set analysis methods",
journal="BMC Bioinformatics",
year="2007",
volume="8",
doi="10.1186/1471-2105-8-431",
url="http://dx.doi.org/10.1186/1471-2105-8-431"
}

@Article{Zhang2005,
author="Zhang, B.
and Kirov, S.
and Snoddy, J.",
title="WebGestalt: an integrated system for exploring gene sets in various biological contexts",
journal="Nucleic Acids Res",
year="2005",
volume="33",
doi="10.1093/nar/gki475",
url="http://dx.doi.org/10.1093/nar/gki475"
}

@Article{Al-Shahrour2007,
author="Al-Shahrour, F.
and Arbiza, L.
and Dopazo, H.
and Huerta-Cepas, J.
and Minguez, P.
and Montaner, D.
and Dopazo, J.",
title="From genes to functional classes in the study of biological systems",
journal="BMC Bioinformatics",
year="2007",
volume="8",
doi="10.1186/1471-2105-8-114",
url="http://dx.doi.org/10.1186/1471-2105-8-114"
}

@Misc{ref16,
title="Nam D, Kim SY: Gene-set approach for expression pattern analysis.Brief Bioinform 2008."
}

@Article{Bussemaker2007,
author="Bussemaker, H. J.
and Ward, L. D.
and Boorsma, A.",
title="Dissecting complex transcriptional responses using pathway-level scores based on prior information",
journal="BMC Bioinformatics",
year="2007",
volume="8",
doi="10.1186/1471-2105-8-S6-S6",
url="http://dx.doi.org/10.1186/1471-2105-8-S6-S6"
}

@Article{Baur2006,
author="Baur, J. A.
and Pearson, K. J.
and Price, N. L.
and Jamieson, H. A.
and Lerin, C.
and Kalra, A.
and Prabhu, V. V.
and Allard, J. S.
and Lopez-Lluch, G.
and Lewis, K.",
title="Resveratrol improves health and survival of mice on a high-calorie diet",
journal="Nature",
year="2006",
volume="444",
doi="10.1038/nature05354",
url="http://dx.doi.org/10.1038/nature05354"
}

@Article{Smid2004,
author="Smid, M.
and Dorssers, L. C.",
title="GO-Mapper: functional analysis of gene expression data using the expression level as a score to evaluate Gene Ontology terms",
journal="Bioinformatics",
year="2004",
volume="20",
doi="10.1093/bioinformatics/bth293",
url="http://dx.doi.org/10.1093/bioinformatics/bth293"
}

@Article{Saxena2006,
author="Saxena, V.
and Orgill, D.
and Kohane, I.",
title="Absolute enrichment: gene set enrichment analysis for homeostatic systems",
journal="Nucleic Acids Res",
year="2006",
volume="34",
doi="10.1093/nar/gkl766",
url="http://dx.doi.org/10.1093/nar/gkl766"
}

@Article{Kemp2007,
author="Kemp, D. M.
and Nirmala, N. R.
and Szustakowski, J. D.",
title="Extending the pathway analysis framework with a test for transcriptional variance implicates novel pathway modulation during myogenic differentiation",
journal="Bioinformatics",
year="2007",
volume="23",
doi="10.1093/bioinformatics/btm116",
url="http://dx.doi.org/10.1093/bioinformatics/btm116"
}

@Article{Beer2002,
author="Beer, D. G.
and Kardia, S. L.
and Huang, C. C.
and Giordano, T. J.
and Levin, A. M.
and Misek, D. E.
and Lin, L.
and Chen, G.
and Gharib, T. G.
and Thomas, D. G.",
title="Gene-expression profiles predict survival of patients with lung adenocarcinoma",
journal="Nat Med",
year="2002",
volume="8"
}

@Article{Bhattacharjee2001,
author="Bhattacharjee, A.
and Richards, W. G.
and Staunton, J.
and Li, C.
and Monti, S.
and Vasa, P.
and Ladd, C.
and Beheshti, J.
and Bueno, R.
and Gillette, M.",
title="Classification of human lung carcinomas by mRNA expression profiling reveals distinct adenocarcinoma subclasses",
journal="Proc Natl Acad Sci USA",
year="2001",
volume="98",
doi="10.1073/pnas.191502998",
url="http://dx.doi.org/10.1073/pnas.191502998"
}

@Misc{ref24,
title="The Molecular Signature Database[http://www.broad.mit.edu/gsea/msigdb/]",
url="http://www.broad.mit.edu/gsea/msigdb/"
}

@Article{Dorsam2007,
author="Dorsam, R. T.
and Gutkind, J. S.",
title="G-protein-coupled receptors and cancer",
journal="Nat Rev Cancer",
year="2007",
volume="7",
doi="10.1038/nrc2069",
url="http://dx.doi.org/10.1038/nrc2069"
}

@Article{Li2005,
author="Li, S.
and Huang, S.
and Peng, S. B.",
title="Overexpression of G protein-coupled receptors in cancer cells: involvement in tumor progression",
journal="Int J Oncol",
year="2005",
volume="27"
}

@Article{Altiay2007,
author="Altiay, G.
and Ciftci, A.
and Demir, M.
and Kocak, Z.
and Sut, N.
and Tabakoglu, E.
and Hatipoglu, O. N.
and Caglar, T.",
title="High plasma D-dimer level is associated with decreased survival in patients with lung cancer",
journal="Clin Oncol (R Coll Radiol)",
year="2007",
volume="19"
}

@Article{Antoniou2006,
author="Antoniou, D.
and Pavlakou, G.
and Stathopoulos, G. P.
and Karydis, I.
and Chondrou, E.
and Papageorgiou, C.
and Dariotaki, F.
and Chaimala, D.
and Veslemes, M.",
title="Predictive value of D-dimer plasma levels in response and progressive disease in patients with lung cancer",
journal="Lung Cancer",
year="2006",
volume="53",
doi="10.1016/j.lungcan.2006.03.015",
url="http://dx.doi.org/10.1016/j.lungcan.2006.03.015"
}

@Article{Montgrain2007,
author="Montgrain, P. R.
and Quintana, R.
and Rascon, Y.
and Burton, D. W.
and Deftos, L. J.
and Casillas, A.
and Hastings, R. H.",
title="Parathyroid hormone-related protein varies with sex and androgen status in nonsmall cell lung cancer",
journal="Cancer",
year="2007",
volume="110",
doi="10.1002/cncr.22922",
url="http://dx.doi.org/10.1002/cncr.22922"
}

@Article{Hidalgo2002,
author="Hidalgo, G. E.
and Zhong, L.
and Doherty, D. E.
and Hirschowitz, E. A.",
title="Plasma PGE-2 levels and altered cytokine profiles in adherent peripheral blood mononuclear cells in non-small cell lung cancer (NSCLC)",
journal="Mol Cancer",
year="2002",
volume="1",
doi="10.1186/1476-4598-1-5",
url="http://dx.doi.org/10.1186/1476-4598-1-5"
}

@Article{Darnell1994,
author="Darnell, J. E.
and Kerr, I. M.
and Stark, G. R.",
title="Jak-STAT pathways and transcriptional activation in response to IFNs and other extracellular signaling proteins",
journal="Science",
year="1994",
volume="264",
doi="10.1126/science.8197455",
url="http://dx.doi.org/10.1126/science.8197455"
}

@Article{Kristof2003,
author="Kristof, A. S.
and Marks-Konczalik, J.
and Billings, E.
and Moss, J.",
title="Stimulation of signal transducer and activator of transcription-1 (STAT1)-dependent gene transcription by lipopolysaccharide and interferon-gamma is regulated by mammalian target of rapamycin",
journal="J Biol Chem",
year="2003",
volume="278",
doi="10.1074/jbc.M301053200",
url="http://dx.doi.org/10.1074/jbc.M301053200"
}

@Article{Rajan2003,
author="Rajan, P.
and Panchision, D. M.
and Newell, L. F.
and McKay, R. D.",
title="BMPs signal alternately through a SMAD or FRAP-STAT pathway to regulate fate choice in CNS stem cells",
journal="J Cell Biol",
year="2003",
volume="161",
doi="10.1083/jcb.200211021",
url="http://dx.doi.org/10.1083/jcb.200211021"
}

@Article{Fujita2007,
author="Fujita, K.
and Janz, S.",
title="Attenuation of WNT signaling by DKK-1 and -2 regulates BMP2-induced osteoblast differentiation and expression of OPG, RANKL and M-CSF",
journal="Mol Cancer",
year="2007",
volume="6",
doi="10.1186/1476-4598-6-71",
url="http://dx.doi.org/10.1186/1476-4598-6-71"
}

@Article{Rawadi2003,
author="Rawadi, G.
and Vayssiere, B.
and Dunn, F.
and Baron, R.
and Roman-Roman, S.",
title="BMP-2 controls alkaline phosphatase expression and osteoblast mineralization by a Wnt autocrine loop",
journal="J Bone Miner Res",
year="2003",
volume="18",
doi="10.1359/jbmr.2003.18.10.1842",
url="http://dx.doi.org/10.1359/jbmr.2003.18.10.1842"
}

@Article{Kulterer2007,
author="Kulterer, B.
and Friedl, G.
and Jandrositz, A.
and Sanchez-Cabo, F.
and Prokesch, A.
and Paar, C.
and Scheideler, M.
and Windhager, R.
and Preisegger, K. H.
and Trajanoski, Z.",
title="Gene expression profiling of human mesenchymal stem cells derived from bone marrow during expansion and osteoblast differentiation",
journal="BMC Genomics",
year="2007",
volume="8",
doi="10.1186/1471-2164-8-70",
url="http://dx.doi.org/10.1186/1471-2164-8-70"
}

@Article{Balint2003,
author="Balint, E.
and Lapointe, D.
and Drissi, H.
and Meijden, C. v. a. n. d. e. r.
and Young, D. W.
and van Wijnen, A. J.
and Stein, J. L.
and Stein, G. S.
and Lian, J. B.",
title="Phenotype discovery by gene expression profiling: mapping of biological processes linked to BMP-2-mediated osteoblast differentiation",
journal="J Cell Biochem",
year="2003",
volume="89",
doi="10.1002/jcb.10515",
url="http://dx.doi.org/10.1002/jcb.10515"
}

@Article{Larsson2005,
author="Larsson, J.
and Karlsson, S.",
title="The role of Smad signaling in hematopoiesis",
journal="Oncogene",
year="2005",
volume="24",
doi="10.1038/sj.onc.1208920",
url="http://dx.doi.org/10.1038/sj.onc.1208920"
}

@Article{Maguer-Satta2003,
author="Maguer-Satta, V.
and Bartholin, L.
and Jeanpierre, S.
and Ffrench, M.
and Martel, S.
and Magaud, J. P.
and Rimokh, R.",
title="Regulation of human erythropoiesis by activin A, BMP2, and BMP4, members of the TGFbeta family",
journal="Exp Cell Res",
year="2003",
volume="282",
doi="10.1016/S0014-4827(02)00013-7",
url="http://dx.doi.org/10.1016/S0014-4827(02)00013-7"
}

@Article{Helms2005,
author="Helms, M. W.
and Packeisen, J.
and August, C.
and Schittek, B.
and Boecker, W.
and Brandt, B. H.
and Buerger, H.",
title="First evidence supporting a potential role for the BMP/SMAD pathway in the progression of oestrogen receptor-positive breast cancer",
journal="J Pathol",
year="2005",
volume="206",
doi="10.1002/path.1785",
url="http://dx.doi.org/10.1002/path.1785"
}

@Article{Ong2004,
author="Ong, D. B.
and Colley, S. M.
and Norman, M. R.
and Kitazawa, S.
and Tobias, J. H.",
title="Transcriptional regulation of a BMP-6 promoter by estrogen receptor alpha",
journal="J Bone Miner Res",
year="2004",
volume="19",
doi="10.1359/JBMR.0301249",
url="http://dx.doi.org/10.1359/JBMR.0301249"
}

@Article{Jiang2007,
author="Jiang, Z.
and Gentleman, R.",
title="Extensions to gene set enrichment",
journal="Bioinformatics",
year="2007",
volume="23",
doi="10.1093/bioinformatics/btl599",
url="http://dx.doi.org/10.1093/bioinformatics/btl599"
}

@Article{Benjamini1995,
author="Benjamini, Y.
and Hochberg, Y.",
title="Controlling the False Discovery Rate -- a Practical and Powerful Approach to Multiple Testing",
journal="Journal of the Royal Statistical Society Series B-Methodological",
year="1995",
volume="57"
}

@Article{Shaffer1995,
author="Shaffer, J. P.",
title="Multiple Hypothesis-Testing",
journal="Annu Rev Psychol",
year="1995",
volume="46",
doi="10.1146/annurev.ps.46.020195.003021",
url="http://dx.doi.org/10.1146/annurev.ps.46.020195.003021"
}

@Article{Stonehouse1998,
author="Stonehouse, J. M.
and Forrester, G. J.",
title="Robustness of the t and U tests under combined assumption violations",
journal="Journal of Applied Statistics",
year="1998",
volume="25",
doi="10.1080/02664769823304",
url="http://dx.doi.org/10.1080/02664769823304"
}

@Article{Conover1981,
author="Conover, W. J.
and Iman, R. L.",
title="Rank Transformations as a Bridge between Parametric and Nonparametric Statistics",
journal="American Statistician",
year="1981",
volume="35",
doi="10.2307/2683975",
url="http://dx.doi.org/10.2307/2683975"
}

@Article{Strimmer2008,
author="Strimmer, K.",
title="A unified approach to false discovery rate estimation",
journal="BMC Bioinformatics",
year="2008",
volume="9",
doi="10.1186/1471-2105-9-303",
url="http://dx.doi.org/10.1186/1471-2105-9-303"
}

@Misc{ref48,
title="GAGE R package[http://sysbio.engin.umich.edu{\textasciitilde}luow/downloads.php]",
url="http://sysbio.engin.umich.edu~luow/downloads.php"
}

@Misc{ref49,
title="Gene Annotation \& Information Query (GAIQ)[http://sysbio.engin.umich.edu{\textasciitilde}luow/project/geneInfo.php]",
url="http://sysbio.engin.umich.edu~luow/project/geneInfo.php"
}

@Misc{ref50,
title="GSEA software[http://www.broad.mit.edu/gsea/downloads.jsp]",
url="http://www.broad.mit.edu/gsea/downloads.jsp"
}

@Article{Furge2007,
author="Furge, K. A.
and Chen, J.
and Koeman, J.
and Swiatek, P.
and Dykema, K.
and Lucin, K.
and Kahnoski, R.
and Yang, X. J.
and Teh, B. T.",
title="Detection of DNA copy number changes and oncogenic signaling abnormalities from gene expression data reveals MYC activation in high-grade papillary renal cell carcinoma",
journal="Cancer Res",
year="2007",
volume="67",
doi="10.1158/0008-5472.CAN-06-4571",
url="http://dx.doi.org/10.1158/0008-5472.CAN-06-4571"
}

@Misc{ref52,
title="ChipperDB type 2 diabetes data set[http://www.diabetesgenome.org/chipperdb/expt.cgi?id=54]",
url="http://www.diabetesgenome.org/chipperdb/expt.cgi?id=54"
}

@Article{Gautier2004,
author="Gautier, L.
and Cope, L.
and Bolstad, B. M.
and Irizarry, R. A.",
title="affy--analysis of Affymetrix GeneChip data at the probe level",
journal="Bioinformatics",
year="2004",
volume="20",
doi="10.1093/bioinformatics/btg405",
url="http://dx.doi.org/10.1093/bioinformatics/btg405"
}

@Article{Dai2005,
author="Dai, M.
and Wang, P.
and Boyd, A. D.
and Kostov, G.
and Athey, B.
and Jones, E. G.
and Bunney, W. E.
and Myers, R. M.
and Speed, T. P.
and Akil, H.",
title="Evolving gene/transcript definitions significantly alter the interpretation of GeneChip data",
journal="Nucleic Acids Res",
year="2005",
volume="33",
doi="10.1093/nar/gni179",
url="http://dx.doi.org/10.1093/nar/gni179"
}

