\Sort{
  Mode{on}
  Collation{mixed}
  SortTypeOrder{pattern,key,name}
  NameOrder{ascending}
  Key{{author,editor},\year{year,note}}
  KeyOrder{ascending,nulls first}
  Pattern{author+editor: "doron"}
  PatternOrder{first}
}

@STRING{ JASA = "Journal of the American Statistical Association"}
@STRING{ JC = "Journal of Classification"}
@STRING{ PNAS = "Proceedings of the National Academy of Sciences USA"}
@article{ad:idrec,
    author={Dutta, A. and Bell, S.P.},
    title={Initiation of {DNA} replication in eukaryotic cells},
    journal={Ann. Rev. Cell Dev. Biol.},
    year= 1997,
    volume= 13,
    pages={293-332}
}

@article{ae:bsbg:apidkc,
    author={Edwards, A.M. and others},
    title={Bridging structural biology and genomics: assessing protein interaction
        data with known complexes},
    journal={Trends Genet.},
    year= 2002,
    volume= 18,
    number= 10 ,
    pages={529-536}
}

@manual{affy,
    author={Affymetrix},
    title={Affymetrix Microarray Suite User Guide},
    organization={Affymetrix},
    year= 2001,
    edition={version 5},
    address={Santa Clara, CA}
}

@techreport{affy:tech:2001,
    author={Affymetrix},
    title={New Statistical Algorithms for Monitoring Gene Expression on $\mbox{GeneChip}^{\mbox{\textregistered}}$
        Probe Arrays},
    institution={Affymetrix},
    year= 2001
}

@inproceedings{affytalk:2001,
    author={Earl Hubbell},
    title={Estimating Signal with Next Generation {A}ffymetrix Software},
    booktitle={Gene Logic Workshop on Low Level Analysis of Affymetrix $\mbox{GeneChip}^{\mbox{\textregistered}}$
        data},
    year= 2001,
    note={{\small \tt http://www.stat.berkeley.edu/users/terry/zarray/Affy/GL\_Workshop/genelogic2001.html}}
}

@article{ag:foypsapc,
    author={Gavin, A.-C. and others},
    title={Functional organization of the yeast proteome by systematic analysis of
        protein complexes},
    journal={Nature},
    year= 2002,
    volume= 415,
    pages={141-147}
}

@article{alizadeh:2000,
    author={A. Alizadeh and M.B. Eisen and E. Davis C. Ma and and I. Lossos and A. Rosenwald
        and J. Boldrick and H. Sabet and T. Tran and  X. Yu and J.I. Powell and
        L. Yang and G.E. Marti and J. Hudson Jr and L. Lu and D.B. Lewis and R.
        Tibshirani and G. Sherlock and W.C. Chan and T.C. Greiner and D.D. Weisenburger
        and J.O. Armitage and R. Warnke and R. Levy and W. Wilson and M.R. Grever
        and J.C. Byrd and D. Botstein and P.O. Brown and L.M. Staudt},
    title={Distinct types of diffuse large {B}--cell lymphoma identified by gene expression
        profiling},
    journal={Nature},
    year={2000},
    month={February},
    volume={403},
    pages={503--511}
}

@article{Alon:1999,
    author={U. Alon and N. Barkai and D.A. Notterman and K. Gish and S. Ybarra and D.
        Mack and A.J. Levine},
    title={Broad patterns of gene expression revealed by clustering analysis of tumor
        and normal colon tissues probed by oligonucleotide arrays},
    journal={Proceedings of the National Academy of Sciences},
    year= 1999,
    volume= 96,
    pages={6745--6750}
}

@book{Apos1974,
    author={Apostol, Tom M.},
    title={Mathematical analysis},
    publisher={Addison-Wesley Publishing Co., Reading, Mass.-London-Don Mills, Ont.},
    year={1974},
    edition={Second},
    pages={xvii+492},
    mrclass={26-01 (28-01)},
    mrnumber={49 \#9123}
}

@article{as:atsyrp,
    author={Smid, A. and Riva, M. and Bouet, F. and Sentenac, A. and Carles, C.},
    title={The association of three subunits with yeast {RNA} polymerase is stabilized
        by {A14}},
    journal={J. Biol. Chem.},
    year= 1995,
    volume= 270,
    number= 22 ,
    pages={13534-13540}
}

@inproceedings{Ashb2002,
    author={M. Ashburner and S. E. Lewis},
    title={On ontologies for biologists: the Gene Ontology - uncoupling the web},
    booktitle={In Silico Biology. Novartis Found Symp},
    year= 2002,
    pages={66--80},
    volume= 247
}

@article{astr:2001,
    author={Magnus {\AA}strand},
    title={Normalizing oligonucleotide arrays},
    journal={Unpublished manuscript},
    year= 2001
}

@inproceedings{Azuaje-2004,
    author={Azuaje, F. and Bodenreider, O.},
    title={Incorporating Ontology-Driven Similarity Knowledge into Functional Genomics:
        An Exploratory Study},
    booktitle={Proceedings of the fourth IEEE Symposium on Bioinformatics and Bioengeneering,
        (BIBE'04)},
    year= 2004
}

@article{ba:ccpm:pngmb,
    author={Alberts, B.},
    title={The cell as a collection of protein machines: {P}reparing the next generation
        of molecular biologists},
    journal={Cell},
    year= 1998,
    volume= 92,
    pages={291-294}
}

@article{Balasubramanian:2004,
    author={Balasubramanian, R., LaFramboise, T., Scholtens, D. and Gentleman, R.},
    title={A graph theoretic approach to testing associations between disparate sources
        of functional genomics data},
    journal={Bioinformatics},
    year= 2004,
    volume= 20,
    number= 18 ,
    pages={3353-62}
}

@article{baug:etal:2001,
    author={L.R. Baugh and A.A. Hill and E.L. Brown and Craig P. Hunter},
    title={Quantitative analysis of m{RNA} amplification by {\it in vitro} transcription},
    journal={Nucleic Acids Research},
    year= 2001,
    volume= 29,
    pages={1--9}
}

@article{Beltran:2003,
    author={Beltran, S. and Blanco, E. and Serra, F. and Perez-Villamil, B. and Guig{\'o},
        R. and Artavanis-Tsakonas, S. and Corominas, M.},
    title={Transcriptional network controlled by the trithorax- group gene ash2 in
        Drosophila melanogaster Genome Research},
    journal={Proceedings of the National Academy of Sciences},
    year= 2003 ,
    volume= 100,
    pages={3293--3298},
    issue= 6
}

@article{Benjamini&Hochberg95,
    author={Y. Benjamini and Y. Hochberg},
    title={Controlling the false discovery rate: {A} practical and powerful approach
        to multiple testing},
    journal={Journal of the Royal Statistical Society B},
    year= 1995,
    volume= 57,
    pages={289--300}
}

@article{Benjamini&Yekutieli01,
    author={Y. Benjamini and D. Yekutieli},
    title={The control of the false discovery rate in multiple hypothesis testing under
        dependency},
    journal={Annals of Statistics},
    year= 2001,
    note={Accepted}
}

@article{Berman2002,
    author={B. P. Berman and Y. Nibu and B. D. Pfeiffer and P. Tomancak and S. E. Celniker
        and M. Levine and G. M. Rubin and M. B. Eisen},
    title={Exploiting transcription factor binding site in clustering to identify cis--regulatory
        modules involved in pattern formation in the {\em Drosophila} genome},
    journal={Proceedings of the National Academy of Sciences USA},
    year= 2002,
    volume= 99,
    pages={757--762}
}

@inproceedings{Bernstein:2005,
    author={Bernstein, A. and Kaufmann E. and B{\"o}rki, C. and Klein, M.},
    title={How Similar Is It? Towards Personalized Measures in Ontologies},
    booktitle={7 Internationale Tagung Wirtschaftsinformatik},
    year= 2005,
    note={Bamberg, Germany}
}

@article{BIOC,
    author={Robert C Gentleman and Vincent J. Carey and Douglas M. Bates and Ben Bolstad
        and Marcel Dettling and Sandrine Dudoit and Byron Ellis and Laurent Gautier
        and Yongchao Ge and Jeff Gentry and Kurt Hornik and Torsten Hothorn and
        Wolfgang Huber and Stefano Iacus and Rafael Irizarry and Friedrich Leisch
        Cheng Li and Martin Maechler and Anthony J. Rossini and Gunther Sawitzki
        and Colin Smith and Gordon Smyth and Luke Tierney and Jean Y. H. Yang and
        Jianhua Zhang},
    title={Bioconductor: Open software development for computational biology and bioinformatics},
    journal={Genome Biology},
    year={2004},
    volume={5},
    pages={R80},
    url={http://genomebiology.com/2004/5/10/R80}
}

@article{blelloch96:_progr_paral_algor,
    author={G. F.. Blelloch},
    title={Programming Parallel Algorithms},
    journal={Communications of the {ACM}},
    year= 1996,
    month={March},
    volume= 39,
    number= 3 ,
    pages={85--97}
}

@book{budd88:_apl_compil,
    author={T. A. Budd},
    title={An {APL} Compiler},
    publisher={Springer-Verlag},
    year= 1988
}

@article{ca:yehpsrce,
    author={Allmang, C. and Petfalski, E. and Podtelejnikov, A. and Mann, M. and Tollervey,
        D. and Mitchell, P.},
    title={The yeast exosome and human {PM-Scl} are related complexes of $3' \rightarrow
        5'$ exonucleases},
    journal={Genes Dev.},
    year= 1999,
    volume= 13,
    pages={2148-2158}
}

@article{Carey:2004,
    author={Carey, V.J.},
    title={Ontology concepts and tools for statistical genomics},
    year= 2004,
    volume= 90,
    pages={213-228},
    jornal={Journal of Multivariate Analysis}
}

@article{Carey1997,
    author={V. J. Carey},
    title={Using hypertext and the internet for structure and management of observational
        studies},
    journal={Statistics in Medicine},
    year= 1997,
    volume= 16,
    pages={1667-1682}
}

@article{cb:facug,
    author={Bron, C. and Kerbosch, J.},
    title={Finding All Cliques of an Undirected Graph [{H}]},
    journal={Communications of the ACM},
    year= 1973,
    volume= 16,
    number= 9 ,
    pages={575-577}
}

@article{cdnama,
    author={G. C. Tseng and M.-K. Oh and L. Rohlin and J. C. Liao and W. H. Wong},
    title={Issues in cDNA microarray analysis: {Q}uality filtering, channel normalization,
        models of variations and assessment of gene effects,},
    journal={Nucleic Acids Res},
    year= 2001,
    volume= 29,
    pages= 2549,
    annote={http://biosun1.harvard.edu/~ctseng/download.html}
}

@article{Cleveland79,
    author={W. S. Cleveland},
    title={Robust locally weighted regression and smoothing scatterplots},
    journal= JASA,
    year= 1979,
    volume= 74,
    number= 368 ,
    pages={829--836}
}

@unpublished{Correaetal02,
    author={J. A. Correa and S. Dudoit and D. R. Goldstein},
    title={Multiple testing in the survival analysis of microarray data},
    note={Submitted},
    year= 2002
}

@article{cvm:calsdsppi,
    author={von Mering, C. and others},
    title={Comparative assessment of large-scale data sets of protein-protein interactions},
    journal={Nature},
    year= 2002,
    volume= 417,
    pages={399-403}
}

@book{Davey:2002,
    author={Davey, B. A. and Priestley, H. A.},
    title={Introduction to Lattices and Order, 2nd edition},
    publisher={Cambridge University Press},
    year= 2002,
    edition={2nd},
    isbn= 0521784514
}

@article{DAVID:2003,
    author={Dennis, G. Jr. and Sherman, B.T. and Hosack, D.A. and Yang, J. and Baseler,
        M. W. and Clifford Lane, H. and Lempicki, R.A.},
    title={DAVID: Database for Annotation, Visualization, and Integrated Discovery},
    journal={Genome Biology},
    year= 2003,
    volume= 4,
    pages={P3},
    issue= 5
}

@book{Diestel:99,
    author={Reinhard Diestel},
    title={Graph Theory},
    publisher={Springer-Verlag},
    year= 2000,
    note={Electronic Edition}
}

@article{Dik:1985,
    author={Dik, J.J. and Gunst, M.C.M.},
    title={The distribution of general quadratic forms in normal variables},
    journal={Statistica Neerlandica},
    year= 1985,
    volume= 39,
    pages={14-26}
}

@article{ds:rpiicppcp,
    author={Skaar, D.A. and Greenleaf, A.L.},
    title={The {RNA} polymerase {II} {CTD} kinase {CTDK-I} affects pre-{mRNA} 3' cleavage/polyadenylation
        through the processing component {Pti1p}},
    journal={Mol. Cell},
    year= 2002,
    volume= 10,
    pages={1429-1439}
}

@article{dudo:etal:2001,
    author={S. Dudoit and Y. H. Yang and M. J. Callow and T. P. Speed},
    title={Statistical methods for identifying genes with differential expression in
        replicated c{DNA} microarray experiments},
    journal={Statistica Sinica},
    year= 2001,
    note={Accepted}
}

@article{Dudoit&Fridlyand02I,
    author={S. Dudoit and J. Fridlyand},
    title={A prediction-based resampling method to estimate the number of clusters
        in a dataset},
    journal={Genome Biology},
    year= 2002,
    note={(Submitted)}
}

@article{Dudoit&Fridlyand02II,
    author={S. Dudoit and J. Fridlyand},
    title={Bagging to improve the accuracy of a clustering procedure},
    journal={Genome Biology},
    year= 2002,
    note={(Submitted)}
}

@unpublished{Dudoit&Shaffer02,
    author={S. Dudoit and J. P. Shaffer and J. C. Boldrick},
    title={Multiple hypothesis testing in microarray experiments},
    note={Submitted},
    year= 2002
}

@incollection{Dudoit&YangSpringer03,
    author={S. Dudoit and Y. H. Yang},
    title={Bioconductor {R} packages for exploratory analysis and normalization of
        c{DNA} microarray data},
    booktitle={The Analysis of Gene Expression Data: Methods and Software},
    year= 2003,
    publisher={Springer, New York},
    editor={G. Parmigiani and E. S. Garrett and R. A. Irizarry and S. L. Zeger},
    note={(To appear)},
    url={http://www.stat.berkeley.edu/~sandrine}
}

@article{DudoitetalJASA02,
    author={S. Dudoit and J. Fridlyand and T. P. Speed},
    title={Comparison of Discrimination Methods for the Classification of Tumors Using
        Gene Expression Data},
    journal= JASA,
    year= 2002,
    volume= 97,
    number= 457,
    optnote={In press}
}

@article{DudoitetalSinica02,
    author={S. Dudoit and Y. H. Yang and M. J. Callow and T. P. Speed},
    title={Statistical methods for identifying differentially expressed genes in replicated
        c{DNA} microarray experiments},
    journal={Statistica Sinica},
    year= 2002,
    volume= 12,
    number= 1,
    optnote={In press}
}

@article{dw:ccarp,
    author={Winter, D. and Podtelejnikov, A.V. and Mann, M. and Li, R.},
    title={The complex containing actin-related proteins {Arp2} and {Arp3} is required
        for the motility and integrity of yeast actin patches},
    journal={Curr. Biol.},
    year= 1997,
    volume= 7,
    pages={519-529}
}

@article{EBI2003,
    author={C. Brooksbank and E. Camon and M. A. Harris and M. Magrane and M. Martin,
        N. Mulder and C. O'Donovan and H. Parkinson and M. Tuli and R. Apweiler
        and E. Birney, A. Brazma and K. Henrick and R. Lopez and G. Stoesser and
        P. Stoehr and G. Cameron},
    title={The European Bioinformatics Institute's data resources},
    journal={Nucleic Acids Research},
    year= 2003,
    volume= 31,
    pages={43--50}
}

@article{efro:etal:2001,
    author={B. Efron and R. Tibshirani and V. Goss and G. Chu},
    title={Microarrays and their uses in comparative experiments},
    journal={Tech Report},
    year= 2001,
    volume= 1,
    pages={1--38}
}

@techreport{Efronetal,
    author={B. Efron and R. Tibshirani and V. Goss and G. Chu},
    title={Microarrays and their use in a comparative experiment},
    institution={Department of Statistics, Stanford University},
    year= 2000
}

@article{eisen:1998,
    author={Cluster analysis and display of genomewide expression patterns},
    title={Transcriptional network controlled by the trithorax- group gene ash2 in
        Drosophila melanogaster Genome Research},
    journal={Proceedings of the National Academy of Sciences},
    year= 1998,
    volume= 95,
    pages={14863-14868}
}

@article{Eisen:1998,
    author={M. B. Eisen and P. T. Spellman and P. O. Brownand and D. Botstein},
    title={Cluster analysis and display of genome-wide expression patterns},
    journal={Proceedings of the National Academy of Sciences USA},
    year= 1998,
    volume= 95,
    number= 25,
    pages={14863--14868},
    annote={http://rana.lbl.gov/EisenSoftware.htm}
}

@article{en:ofapt,
    author={Nedea, E. and others},
    title={Organization and Function of {APT}, a subcomplex of the yeast cleavage and
        polyadenylation factor involved in the formation of {mRNA} and small nucleolar
        {RNA} 3'-ends},
    journal={J. Biol. Chem.},
    year= 2003,
    volume= 278,
    number= 35 ,
    pages={33000-33010}
}

@inproceedings{fang:li:wong:2001,
    author={Xuemin Fang and Cheng Li and Wing Hung Wong},
    title={Model-based Saturation Handling},
    booktitle={Genelogic Workshop on Low Level Analysis of Affymetrix $\mbox{GeneChip}^{\mbox{\textregistered}}$
        data},
    year= 2001,
    note={{\small \tt http://www.stat.berkeley.edu/users/terry/zarray/Affy/GL\_Workshop/genelogic2001.html}}
}

@article{Farebrother:1984,
    author={Farebrother, R.W.},
    title={The distribution of Linear Combinations of $\chi^2$ Random Variables},
    journal={Appl. Statist.},
    year= 1984,
    volume= 33,
    pages={366--369}
}

@article{fatiGO:2004,
    author={Al--Shahrour, F. and Diaz--Uriarte, R. and Dopazo, J.},
    title={\texttt{FatiGO}: a web tool for finding significant associations of Gene Ontology
        terms with groups of genes},
    journal={Bioinformatics},
    year= 2004,
    volume= 20,
    pages={578--580}
}

@article{fill98:perfect,
    author={Fill, J. A.},
    title={An Interruptible Algorithm for Perfect Sampling via Markov Chains},
    journal={Annals of Applied Probability},
    year= 1998,
    pages={131--162}
}

@article{gb:amfmclpin,
    author={Bader, G.D. and Hogue, C.V.W.},
    title={An automated method for finding molecular complexes in large protein interaction
        networks},
    journal={BMC Bioinformatics},
    year= 2003,
    volume= 4,
    number= 2
}

@article{gb:ayppidods,
    author={Bader, G.D. and Hogue, C.W.V.},
    title={Analyzing yeast protein-protein interaction data obtained from different
        sources},
    journal={Nature Biotechnol.},
    year= 2002,
    volume= 20,
    pages={991-997}
}

@article{Ge,
    author={H. Ge and Z. Liu and G. M. Church and M. Vidal},
    title={Correlation between transcriptome and interactome mapping data from Saccharomyces
        cerevisiae},
    journal={Nature Genetics},
    year= 2001,
    volume= 29,
    pages={482--486}
}

@unpublished{Ge&Dudoit02,
    author={Y. Ge and S. Dudoit},
    title={Fast algorithm for resampling-based $p$-value adjustment in multiple testing},
    note={In preparation},
    year= 2002
}

@inproceedings{geary:2000,
    author={Geary, J.},
    title={{JFC}'s Swing I: {M}odel/{V}iew/{C}ontroller},
    booktitle={More Java Gems},
    year= 2000,
    publisher={Cambridge University Press},
    editor={Deugo, D.},
    pages={265--280}
}

@article{genecluster,
    author={P. Tamayo and D. Slonim and J. Mesirov and Q. Zhu and S. Kitareewan and
        E. Dmitrovsky and E. S. Lander and and T. R. Golub},
    title={Interpreting patterns of gene expression with self-organizing maps},
    journal={Proceedings of the National Academy of Science USA},
    year= 1999,
    volume= 96,
    pages={2907--2912},
    annote={http://www-genome.wi.mit.edu/cancer/software/software.html}
}

@manual{genespring,
    author={Andrew R. Conway},
    title={GeneSpring},
    organization={Silicon Genetics},
    year= 2001,
    edition={4.2},
    address={Redwood City, CA},
    note={http://www.sigenetics.com/cgi/SiG.cgi/index.smf},
    annote={http://www.sigenetics.com/cgi/SiG.cgi/index.smf}
}

@article{Gentleman&CareyRnews02,
    author={R. Gentleman and V. Carey},
    title={Bioconductor},
    journal={R News},
    year= 2002,
    month={March},
    volume= 2,
    number= 1,
    pages={11--16},
    url={http://CRAN.R-project.org/doc/Rnews/}
}

@incollection{Gentleman&CareySpringer03,
    author={R. Gentleman and V. Carey},
    title={Visualization and annotation of genomic experiments},
    booktitle={The Analysis of Gene Expression Data: Methods and Software},
    year= 2003,
    publisher={Springer, New York},
    editor={G. Parmigiani and E. S. Garrett and R. A. Irizarry and S. L. Zeger},
    note={(To appear)}
}

@article{Gentleman&GentryRnews02,
    author={R. Gentleman and J. Gentry},
    title={Querying PubMed},
    journal={R News},
    year= 2002,
    month={June},
    volume= 2,
    number= 2,
    pages={28--31},
    url={http://CRAN.R-project.org/doc/Rnews/}
}

@article{Gentleman:2004,
    author={R. Gentleman},
    title={Using GO for Statistical Analysis},
    journal={Bioconductor's Compendiums (www.bioconductor.org)}
}

@book{Gentleman:2005,
    author={Gentleman, R. and Carey, V. and Dudoit, S. and Irizarry, R. and Huber, W.},
    title={Bioinformatics and Computational Biology Solutions using R and Bioconductor},
    publisher={Springer, New York},
    year={2005}
}

@article{GentTL,
    author={R. Gentleman and D. {Temple Lang}},
    title={Statistical Analyses and Reproducible Research},
    journal={Bioconductor Project Working Papers},
    year= 2005,
    number= 2,
    url={http://www.bepress.com/bioconductor/paper2}
}

@article{gmep,
    author={D. Y. Chiang and P. O. Brown and M. Eisen},
    title={Visualizing associations between genome sequence and gene expression data
        using genome-mean expression profiles},
    journal={Bioinformatics},
    year= 2001,
    volume= 17,
    pages={S49--S55},
    annote={http://rana.lbl.gov/EisenSoftware.htm}
}

@article{GO:2000,
    author={The Gene Ontology Consortium},
    title={Gene Ontology: tool for the unification of biology},
    journal={Nature Genetics},
    year= 2000,
    volume= 25,
    pages={25-29}
}

@article{GO2001,
    author={The Gene Ontology Consortium},
    title={Creating the gene ontology resource: design and implementation},
    journal={Genome Research},
    year= 2001,
    volume= 11,
    pages={1425--1433}
}

@article{GO2004,
    author={The Gene Ontology Consortium},
    title={The Gene Ontology (GO) database and informatics resource},
    journal={Nucleic Acids Research},
    year= 2004,
    volume= 32,
    pages={D258--D261}
}

@article{GOA,
    author={E. Camon and M. Magrane and D. Barrell and V. Lee and E. Dimmer and J. Maslen,
        D. Binns and N. Harte and R. Lopez and R. Apweiler},
    title={The {G}ene {O}ntology Annotation ({GOA}) Database: sharing knowledge in
        {U}niprot with {G}ene {O}ntology},
    journal={Nucleic Acids Research},
    year= 2004,
    volume= 32,
    pages={D262--D266},
    issue= 1
}

@article{GOA2003,
    author={E. Camon and D. Barrell and V. Lee and E. Dimmer and R. Apweiler},
    title={Gene Ontology Annotation Database - An integrated resource of GO annotations
        to UniProt Knowledgebase},
    journal={In Silico Biology},
    year= 2003,
    volume= 4,
    pages= 0002
}

@article{GOA-SWISS,
    author={E. Camon and D. Barrell and C. Brooksbank and M. Magrane and R. Apweiler
        },
    title={The Gene Ontology Annotation (GOA) Project: Application of GO in SWISS-PROT,
        TrEMBL and InterPro},
    journal={Compparative and Functional Genomics},
    year= 2003,
    volume= 4,
    pages={71--74}
}

@article{GOA-SWISS2,
    author={E. Camon and M. Magrane and D. Barrell and D. Binns and W. Fleischmann,
        P. Kersey and N. Mulder and T. Oinn and J. Maslen and A. Cox and R. Apweiler},
    title={The Gene Ontology Annotation (GOA) project: implementation of GO in Swiss-Prot,
        TrEMBL and InterPro},
    journal={Genome Research},
    year= 2003,
    volume= 13,
    pages={662--672},
    issue= 4
}

@article{Golubetal,
    author={T. R. Golub and D. K. Slonim and P. Tamayo and C. Huard and M. Gaasenbeek
        and J. P. Mesirov and H. Coller and M.L. Loh and J. R. Downing and M. A.
        Caligiuri and C. D. Bloomfield and E. S. Lander},
    title={Molecular classification of cancer: {C}lass discovery and class prediction
        by gene expression monitoring},
    journal={Science},
    year= 1999,
    volume= 286,
    pages={531--537}
}

@article{gominer:2003,
    author={Zeeberg BR, Feng W, Wang G, Wang MD, Fojo AT, Sunshine M, Narasimhan S,
        Kane DW, Reinhold WC, Lababidi S, Bussey KJ, Riss J, Barrett JC and Weinstein
        JN},
    title={GoMiner: a resource for biological interpretation of genomic and proteomic
        data},
    journal={Genome Biology},
    year= 2003 ,
    volume= 4,
    pages={R28}
}

@book{GraphDrawing,
    author={Giuseppe Di Battista and Peter Eades and Roberto Tamassia and Ioannis G.
        Tollis},
    title={Graph Drawing: Algorithms for the visualization of graphs},
    publisher={Prentice Hall},
    year= 1999
}

@article{Hengel:2003,
    author={Hengel, R.L. and Thaker, V. and Pavlick, M.V. and Metcalf, J.A. and Dennis,
        G. Jr. and Yang, J. and Lempicki, R.A. and Sereti, I. and Lane, H.C.},
    title={L-selectin (CD62L) expression distinguishes small resting memory CD4+ T
        cells that preferentially respond to recall antigen.},
    journal={J. Immunol.},
    year= 2003,
    volume= 170,
    pages={28--32},
    issue= 1
}

@article{HeydebreckISMB01,
    author={A. von Heydebreck and W. Huber and A. Poustka and M. Vingron},
    title={Identifying splits with clear separation: a new class discovery method for
        gene expression data.},
    journal={Bioinformatics},
    year= 2001,
    volume={17 Suppl. 1},
    pages={S107--114},
    note={ISMB 2001},
    url={http://www.dkfz-heidelberg.de/abt0840/whuber/}
}

@article{hill:etal:2000,
    author={A.A. Hill and C.P Hunter and B.T. Tsung and G. Tucker-Kellogg and E.L. Brown},
    title={Genomic Analysis of Gene Expression in C. elegans},
    journal={Science},
    year= 2000,
    volume= 290,
    pages={809--812}
}

@article{hill:etal:2001,
    author={Andre A. Hill and Eugene L. Brown and Maryann Z. Whitley and Greg Tucker-Kellogg
        and Craig P. Hunter and Donna K. Slonim},
    title={Evaluation of normalization procedures for oligonucleotide array data based
        on spiked c{RNA} controls},
    journal={Genomebiology},
    year= 2001,
    volume= 2,
    pages={1--13}
}

@article{Hill2002,
    author={D. P. Hill and J. A. Blake and J. E. Richardson and M. Ringwald},
    title={Extension and Integration of the Gene Ontology (GO): Combining GO vocabularies
        with external vocabularies},
    journal={Genome Research},
    year= 2002,
    volume= 12,
    pages={1982--1991}
}

@inproceedings{hold:etal:2001,
    author={Daniel Holder and Richard F. Raubertas and V. Bill Pikounis and Vladimir
        Svetnik and Keith Soper},
    title={Statistical analysis of high density oligonucleotide arrays: {A} {SAFER}
        approach},
    booktitle={Proceedings of the ASA Annual Meeting, Atlanta, GA 2001},
    year= 2001
}

@article{honeg:2001,
    author={Honegger, Annemarie and Pluckthun, Andreas},
    title={Yet another numbering scheme for immunoglobulin variable domains: {A}n automatic
        numbering and analysis tool},
    journal={Journal of Molecular Biology},
    year= 2001,
    volume= 309,
    pages={657--670}
}

@article{Huber2002,
    author={W. Huber and A. von Heydebreck and H. {S{\"u}ltmann} and A. Poustka and M. Vingron},
    title={Variance Stabilization Applied to Microarray Data Calibration and to the
        Quantification of Differential Expression},
    journal={Bioinformatics},
    year= 2002,
    volume={18 Suppl. 1},
    pages={S96--S104}
}

@article{HuberISMB02,
    author={W. Huber and A. von Heydebreck and H. {S{\"u}ltmann} and A. Poustka and M. Vingron},
    title={Variance Stablization Applied to Microarray Data Calibration and to Quantification
        of Differential Expression},
    journal={Bioinformatics},
    year= 2002,
    volume={18 Suppl. 1},
    pages={S96--S104},
    url={http://www.dkfz-heidelberg.de/abt0840/whuber/}
}

@book{hubert:1987,
    author={Hubert, L. H.},
    title={Assignment Methods in Combinatorial Data Analysis},
    publisher={Dekker},
    year= 1987,
    location={New York}
}

@inproceedings{hunt:2000,
    author={Hunt, J.},
    title={Constructing modular user interfaces in {J}ava},
    booktitle={More Java Gems},
    year= 2000,
    publisher={Cambridge University Press},
    editor={Deugo, D.},
    pages={255--264}
}

@article{Image,
    author={Y. H. Yang and M. J. Buckley and S. Dudoit and T. P. Speed},
    title={Comparison of methods for image analysis on c{DNA} microarray data},
    journal={Journal of Computational and Graphical Statistic},
    year= 2002,
    volume= 11,
    number= 1
}

@article{Interpro,
    author={M. Biswas and J. F. O'Rourke and E. Camon and G. Fraser and A. Kanapin,
        Y. Karavidopoulou and P. Kersey and E. Kriventseva and V. Mittard and N.
        Mulder and I. Phan and F. Servant and R. Apweiler},
    title={Applications of InterPro in protein annotation and genome analysis},
    journal={Briefings in Bioinformatics},
    year= 2002,
    volume= 3,
    pages={285--295}
}

@book{IntroAlgs,
    author={T. H Cormen and C. E. Leiserson and R. L. Rivest and C. Stein},
    title={Introduction to Algorithms, 2nd {E}dition},
    publisher={The M{I}{T} {P}ress},
    year= 2001
}

@inproceedings{iriz:etal:2001,
    author={R. A. Irizarry and G. Parmigiani and M. Guo and T. Dracheva and J. Jen},
    title={A Statistical Analysis of Radiolabeled Gene Expression Data},
    booktitle={Proceedings of Interface 2001},
    year= 2001,
    address={Orange County, CA},
    pages={1--4}
}

@article{iriz:etal:2002,
    author={R. A. Irizarry and B. Hobbs and F. Collin and Y. D. Beazer-Barclay and K.
        J. Antonellis and U. Scherf and T. P. Speed},
    title={Exploration, Normalization, and Summaries of High Density Oligonucleotide
        Array Probe Level Data},
    journal={Submitted},
    year= 2002,
    note={http://biosun01.biostat.jhsph.edu/~ririzarr/papers}
}

@article{Irizarry2003,
    author={R. A. Irizarry and B. Hobbs and F. Collin and Y. D. Beazer-Barclay and K.
        J. Antonellis and U. Scherf and T. P. Speed},
    title={Exploration, normalization, and summaries of high density oligonucleotide
        array probe level data},
    journal={Biostatistics},
    year= 2003,
    volume= 4,
    pages={249--264}
}

@article{IrizarryetalBiostat02,
    author={R. A. Irizarry and B. Hobbs and F. Collin and Y. D. Beazer--Barclay and
        K. J. Antonellis and U. Scherf and T. P. Speed},
    title={Exploration, Normalization, and Summaries of High Density Oligonucleotide
        Array Probe Level Data},
    journal={Biostatistics},
    year= 2002,
    note={(To appear)},
    url={http://www.biostat.jhsph.edu/~ririzarr/}
}

@incollection{IrizarryetalSpringer03,
    author={R. Irizarry and L. Gautier and L. Cope},
    title={An R Package for Analyses of Affymetrix Oligonucleotide Arrays},
    booktitle={The Analysis of Gene Expression Data: Methods and Software},
    year= 2002,
    publisher={Springer, New York},
    editor={G. Parmigiani and E. S. Garrett and R. A. Irizarry and S. L. Zeger},
    note={(To appear)},
    url={http://www.biostat.jhsph.edu/~ririzarr/}
}

@article{ja:gerp123,
    author={Archambault, J. and Friesen, J.D.},
    title={Genetics of eukaryotic {RNA} polymerases {I}, {II}, and {III}},
    journal={Microbiol. Rev.},
    year= 1993,
    volume= 57,
    number= 3 ,
    pages={703-724}
}

@article{jh:lcpn,
    author={H. Jeong and S. P. Mason and A.-L. Barab{\'a}si and Z. Oltvai},
    title={Lethality and centrality in protein networks},
    journal={Nature},
    year= 2001,
    volume= 411,
    pages={41-42}
}

@article{Joslyn:2004a,
    author={Joslyn, C. and Minszewski, S.M. and Fulmer, A.W. Heaton, G.G.},
    title={The Gene Ontology Categorizer},
    journal={Bioinformatics},
    year= 2004,
    volume= 20,
    number= ''s1'' ,
    pages={169-77}
}

@inproceedings{Joslyn:2004b,
    author={Joslyn, C.},
    title={Poset Ontologies and Concept Lattices as Semantic Hierarchies},
    booktitle={Lecture Notes in Artificial Intelligence},
    year= 2004,
    publisher={Springer-Verlag}
}

@article{jr:cdfbpase,
    author={Regelmann, J. and others},
    title={Catabolite degradation of fructose-1,6-biphosphatase in the yeast \textit{{S}accharomyces
        cerevisiae}: {A} genome-wide screen identifies eight novel \textit{{GID}}
        genes and indicates the existence of two degradation pathways},
    journal={Mol. Biol. Cell},
    year= 2003,
    volume= 14,
    pages={1652-1663}
}

@article{jv:rssc,
    author={Venema, J. and Tollervey, D.},
    title={Ribosome synthesis in \textit{{S}accharomyces cerevisiae}},
    journal={Annu. Rev. Genet.},
    year= 1999,
    volume= 33,
    pages={261-311}
}

@article{jz:cfIIsc,
    author={Zhao, J. and Kessler M.M. and Moore C.L.},
    title={Cleavage factor {II} of \textit{{S}accharomyces cerevisiae} contains homologues
        to subunits of the mammalian cleavage/polyadenylation specificity factor
        and exhibits sequence-specific, {ATP}-dependent interaction with precursor
        {RNA}},
    journal={J. Biochem.},
    year= 1997,
    volume= 272,
    number= 16 ,
    pages={10831-10838}
}

@article{knuth:1984,
    author={Donald E. Knuth},
    title={Literate Programming},
    journal={The Computer Journal},
    year={1984},
    month= May ,
    volume={27},
    number={2},
    pages={97--111}
}

@book{LEDA,
    author={K. Melhorn and S. N{\"a}her},
    title={LEDA: A platform for combinatorial and geometric computing},
    publisher={Cambridge University Press},
    year= 1999
}

@inproceedings{Leisch:2002a,
    author={Friedrich Leisch},
    title={Sweave: Dynamic Generation of Statistical Reports Using Literate Data Analysis},
    booktitle={Compstat 2002 --- Proceedings in Computational Statistics},
    year= 2002,
    publisher={Physika Verlag, Heidelberg, Germany},
    editor={Wolfgang H{\"a}rdle and Bernd R{\"o}nz},
    pages={575--580},
    note={ISBN 3-7908-1517-9},
    url={http://www.ci.tuwien.ac.at/~leisch/Sweave}
}

@article{Leisch:2002b,
    author={Friedrich Leisch},
    title={Sweave, Part {I}: Mixing {R} and {\LaTeX}},
    journal={R News},
    year= 2002,
    month={December},
    volume= 2,
    number= 3,
    pages={28--31},
    url={http://CRAN.R-project.org/doc/Rnews/}
}

@article{Leisch:2003,
    author={Friedrich Leisch},
    title={Sweave, Part {II}: Package Vignettes},
    journal={R News},
    year= 2003,
    month={October},
    volume= 3,
    number= 2,
    pages={21--24},
    url={http://CRAN.R-project.org/doc/Rnews/}
}

@article{li:wong:2001a,
    author={Li, C. and Wong, W.H.},
    title={Model-based analysis of oligonucleotide arrays: {E}xpression index computation
        and outlier detection},
    journal={Proceedings of the National Academy of Science USA},
    year= 2001,
    volume= 98,
    pages={31--36}
}

@article{li:wong:2001b,
    author={Li, C. and Wong, W.H.},
    title={Model-based analysis of oligonucleotide arrays: {M}odel validation, design
        issues and standard error application},
    journal={Genome Biology},
    year= 2001,
    volume= 2,
    pages={1--11}
}

@inproceedings{Lin-98,
    author={Dekang Lin},
    title={An Information-Theoretic Definition of Similarity},
    booktitle={Proceedings of the Fifteenth International Conference on Machine Learning},
    year= 1998,
    publisher={Morgan Kaufmann Publishers},
    pages={296--304}
}

@article{lock:etal:1996,
    author={David J. Lockhart and Helin Dong and Michael C. Byrne and Maximillian T.
        Follettie and Michael V. Gallo and Mark S. Chee and Michael Mittmann and
        Chunwei Wang and Michiko Kobayashi and Heidi Horton and Eugene L. Brown},
    title={Expression Monitoring by hybridization to high-density oligonucleotide arrays},
    journal={Nature Biotechnology},
    year= 1996,
    volume= 14,
    pages={1675--1680}
}

@article{LOH2000,
    author={K. Lindblad--Toh and D. M. Tanenbaum and M. J. Daly and E. Winchester and
        W. O. Liu and A. Villpakkam and S. E. Santon and C. Larrson and T. J. Hudson
        and B. E. Johnson and E. S. Langer and M. Meyerson},
    title={Loss--of--heterozygosity analysis of small--cell lung carcinomas using single--nucleotide
        polymorphism arrays},
    journal={Nature Biotechnology},
    year= 2000,
    volume= 18,
    pages={1001--1005}
}

@article{Lord:2003a,
    author={P.W.Lord and R.D. Stevens and A. Brass and C.A.Goble},
    title={Investigating semantic similarity measures across the {Gene Ontology}: the
        relationship between sequence and annotation.},
    journal={Bioinformatics},
    year= 2003,
    volume= 19,
    number= 10 ,
    pages={1275-83}
}

@article{Lord:2003b,
    author={P.W.Lord and R.D. Stevens and A. Brass and C.A.Goble},
    title={Investigating semantic similarity measures across the {Gene Ontology}: the
        relationship between sequence and annotation.},
    journal={Bioinformatics},
    year= 2003,
    volume= 19,
    number= 10 ,
    pages={1275-83}
}

@article{lp:ieIF3,
    author={Phan, L. and others},
    title={Identification of a translation initiation factor 3 ({eIF3}) core complex,
        conserved in yeast and mammals, that interacts with {eIF5}},
    journal={Mol. Cell. Biol.},
    year= 1998,
    volume= 18,
    number= 8 ,
    pages={4935-4946}
}

@article{lp:s3eIF3,
    author={Phan, L. and Schoenfeld, L.W. and Valasek, L. and Nielsen, K.H. and Hinnebusch,
        A.G.},
    title={A subcomplex of three {eIF3} subunits finds {eIF1} and {eIF5} and stimulates
        ribosome binding of {mRNA} and $\mbox{tRNA}_{\mbox{i}}^{\mbox{Met}}$},
    journal={EMBO J.},
    year= 2001,
    volume= 20,
    number= 11 ,
    pages={2954-2965}
}

@article{ls:cmappi,
    author={Salwinski, L. and Eisenberg, D.},
    title={Computational methods of analysis of protein-protein interactions},
    journal={Curr. Opin. Struct. Biol.},
    year= 2003,
    volume= 13,
    pages={377-382}
}

@article{lv:mzkpecycp,
    author={Vo, L.T.A. and Minet, M. and Schmitter, J.-M. and Lacroute, F. and Wyers,
        F.},
    title={{Mpe1}, a zinc knuckle protein, is an essential component of yeast cleavage
        and polyadenylation factor required for the cleavage and polyadenylation
        of {mRNA}},
    journal={Mol. Cell. Biol.},
    year= 2001,
    volume= 21,
    number= 24 ,
    pages={8346-8356}
}

@article{Meyerson2002,
    author={G. Weber and J. Shendure and D. M. Tannenbaum and G. M. Church and M. Meyerson},
    title={Identification of foreign gene sequences by transcript filtering against
        the human genome},
    journal={Nature Genetics},
    year= 2002,
    volume= 30,
    pages={141--2}
}

@article{mf:nsyrpIII,
    author={Ferri, M.-L. and others},
    title={A novel subunit of yeast {RNA} polymerase {III} interacts with the {TFIIB}-related
        domain of {TFIIIB70}},
    journal={Mol. Cell. Biol.},
    year= 2000,
    volume= 20,
    number= 2 ,
    pages={488-495}
}

@article{mf:tfayg,
    author={Fromont-Racine, M. and Rain, J.C. and Legrain, P.},
    title={Toward a functional analysis of the yeast genome through exhaustive two-hybrid
        screens},
    journal={Nature Genet.},
    year= 1997,
    volume= 16,
    pages={277-282}
}

@article{Mootha:2003,
    author={Mootha, V.K. and Lindgren, C.M. and Eriksson, K.F. and Subramanian, A. and
        Sihag, S. and Lehar, J. and Puigserver, P. and Carlsson, E. and Ridderstrale,
        M. and Laurila, E. and Houstis, N. and Daly, M.J. and Patterson, N. and
        Mesirov, J.P. and Golub, T.R. and Tamayo, P. and Spiegelman, B. and Lander,
        E.S. and Hirschhorn, J.N. and Altshuler, D. and Groop, L.C.},
    title={PGC-1alpha-responsive genes involved in oxidative phosphorylation are coordinately
        downregulated in human diabetes},
    journal={Nature Genet.},
    year= 2003 ,
    volume= 34,
    pages={267-73},
    issue= 3
}

@inproceedings{Mosquera:2005,
    author={Mosquera, J-L. and S{\'a}nchez-Pla, A.},
    title={A comparative study of GO mining programs},
    booktitle={X Conferencia Espa{\~n}ola de Biometr{\'i}a},
    year={2005},
    organization={Sociedad Espa{\~n}ola de Biometr{\'i}a}
}

@book{Mount:2004,
    author={Mount, David},
    title={Bioinformatics Sequence and Genome Analysis},
    publisher={Cold Spring Harbor Laboratory Press},
    year= 2004 ,
    edition={2nd}
}

@article{Mutter2000,
    author={G. L. Mutter and J. P. A. Baak and J. T. Fitzgerald and R. Gray and D. Neuberg
        and G. A. Kust and R. Gentleman and S. R. Gullans and L.-J. Wei and M.
        Wilcox},
    title={Global Expression Changes in Constitutive and Hormonally Regulated Genes
        during Endometrial Neoplastic Transformation},
    journal={Gynecologic Oncology},
    year= 2001,
    volume= 83,
    pages={177-185},
    annote={www.idealibrary.com}
}

@article{mykland95:_regen_markov,
    author={Mykland, P. A. and Tierney, L. and Yu, B.},
    title={Regeneration in {M}arkov Chain Samplers},
    journal= JASA,
    year= 1995,
    volume= 90,
    pages={233--241}
}

@article{naef:etal:2001,
    author={F{\'e}lix Naef and Daniel A. Lim and Nila Patil and Marcelo O. Magnasco},
    title={From features to expression: {H}igh density oligonucleotide array analysis
        revisited},
    journal={Tech Report},
    year= 2001,
    volume= 1,
    pages={1--9}
}

@inproceedings{Norm,
    author={Y. H. Yang and S. Dudoit and P. Luu and T. P. Speed},
    title={Normalization for c{DNA} microarray data},
    booktitle={Microarrays: {O}ptical Technologies and Informatics},
    year= 2001,
    month={May},
    editor={Michael L. Bittner and Yidong Chen and Andreas N. Dorsel and Edward R. Dougherty},
    volume= 4266,
    series={Proceedings of SPIE},
    optorganization={SPIE}
}

@article{NormNAR,
    author={Y. H. Yang and S. Dudoit and P. Luu and D. M. Lin and V. Peng and J. Ngai
        and T. P. Speed},
    title={Normalization for c{DNA} microarray data: {A} robust composite method addressing
        single and multiple slide systematic variation},
    journal={Nucleic Acids Research},
    year= 2002,
    volume= 30,
    number= 4
}

@inproceedings{Ocanya:2005,
    author={Jordi Oca{\~n}a and Alex S{\'a}nchez and Miquel Salicru},
    title={Distance based inference for Gene-Ontology based analysis of microarray
        experiments},
    booktitle={Vth Workshop on Simulation and modelling},
    year= 2005,
    address={St. Petersburg, Russia}
}

@misc{ourHMSPCI,
    note={Our 1008 HMS-PCI estimated complexes are available at http://www.bioconductor.org/Docs/Papers/2003/apComplex.}
}

@article{Ouzounis-2003,
    author={Ouzounis, C. and Coulson, R. and Enright, A. and Kunin, V. and Pereira-Leal,
        J.},
    title={Classification schemes for protein structure and function},
    journal={Nature Reviews Genetics},
    year= 2003,
    volume= 4,
    pages={508-519}
}

@manual{Paquet:2005,
    author={Paquet, A. and Yang, Y.W.},
    title={Getting started with \texttt{goTools} package},
    year= 2005,
    url={http://bioconductor.org/repository/devel/vignette/goTools.pdf}
}

@techreport{PepeAnderson2001,
    author={M. S. Pepe and G. Longton and G. Anderson and M. Schummer},
    title={Selecting differentially expressed genes from microarray experiments},
    institution={University of Washington},
    year= 2001
}

@inproceedings{pitman01:_conditions,
    author={K. M. Pitman},
    title={Condition Handling in the {L}isp Language Family},
    booktitle={Advances in Exception handling Techniques},
    year= 2001,
    publisher={Springer-Verlag},
    editor={A. Romanovsky and C. Dony and J. Knudsen and A. Tripathi},
    pages={39--59}
}

@article{propp96:CFTP,
    author={Propp, J. G. and Wilson, D. B.},
    title={Exact Sampling with Coupled Markov Chains and Applications to Statistical
        Mechanics},
    journal={Random Structures and Algorithms},
    year= 1996,
    volume= 9,
    pages={223--252}
}

@article{pu:acappisc,
    author={Uetz, P. and others},
    title={A comprehensive analysis of protein-protein interactions in \textit{{S}accharomyces
        cerevisiae}},
    journal={Nature},
    year= 2000,
    volume= 403,
    pages={623-627}
}

@article{Purchase2000,
    author={H. C. Purchase},
    title={Effective information visualization: a study of graph drawing aesthetics
        and algorithms},
    journal={Interacting with Computers},
    year= 2000,
    volume= 13,
    pages={147--162}
}

@article{Purchase2002,
    author={Colin Ware and Helen Purchase and Linda Colpoys and Matthew McGill},
    title={Cognitive measurements of graph asethetics},
    journal={Information Visualization},
    year= 2002,
    volume= 1,
    pages={103--110}
}

@article{R,
    author={R. Ihaka and R. Gentleman},
    title={R: {A} Language for Data Analysis and Graphics},
    journal={Journal of Computational and Graphical Statistics},
    year= 1996,
    volume= 5,
    pages={299--314}
}

@article{raoscott:1981,
    author={Rao, J.N.K. and Scott, A.J.},
    title={The analysis of categorical data from complex sample surveys: chi-squared
        tests for goodness of fit and independence in two way tables},
    journal={JASA},
    year={1981},
    volume= 76,
    pages={221-3}
}

@book{rb:esadmnss,
    author={Breiger, R.L.},
    title={Explorations in Structural Analysis: Dual and Multiple Networks of Social
        Structure},
    publisher={Garland Press},
    year= 1991,
    address={New York}
}

@incollection{rb:scsn,
    author={Breiger, R.L.},
    title={Social control and social networks: {A} model from {G}eorg {S}immel},
    booktitle={Structures of Power and Constraint: Papers in Honor of Peter M. Blau},
    year= 1990,
    publisher={Cambridge University Press},
    address={Cambridge, England},
    editor={Calhoun, C. and Meyer, M.W. and Scott, W.R.},
    pages={453-476}
}

@article{rc:agwtamcc,
    author={Cho, R.C. and others},
    title={A Genome-Wide Transcriptional Analysis of the Mitotic Cell Cycle},
    journal={Mol. Cell},
    year= 1998,
    volume= 2,
    pages={65-73}
}

@inproceedings{Resnik:1995,
    author={P. Resnik},
    title={Using Information Content to Evaluate Semantic Similarity in a Taxonomy},
    booktitle={Proc. of the 14th IJCAI},
    year= 1995,
    address={Montreal, Canada},
    pages={448-453}
}

@article{ri:rldag,
    author={Ihaka, R. and Gentleman, R.},
    title={R: {A} Language for Data Analysis and Graphics},
    journal={J. Comput. Graph. Stat.},
    year= 1996,
    volume= 5,
    pages={299-314}
}

@book{Ripley96,
    author={Brian D. Ripley},
    title={Pattern Recognition and Neural Networks},
    publisher={Cambridge University Press},
    year= 1996
}

@article{rj:bnapppigd,
    author={Jansen, R. and others},
    title={A {B}ayesian networks approach for predicting protein-protein interactions
        from genomic data},
    journal={Science},
    year= 2003,
    volume= 302,
    pages={449-453}
}

@inproceedings{Roddick-2003,
    author={Roddick, John F. and Hornsby, K. and de Vries, D.},
    title={A unifying semantic distance model for determining the similarity of attribute
        values},
    booktitle={Proceedings of the twenty-sixth Australasian computer science conference
        on Conference in research and practice in information technology},
    year= 2003,
    publisher={Australian Computer Society},
    pages={111-118},
    note={Adelaide, Australia}
}

@article{romano:2002,
    author={Romano, S. and Venturi, G. and Bloor, S.},
    title={Broad nucleoside analogue resistance implications for HIV type I reverse
        transcriptase mutations at codons 44 and 118},
    journal={JID},
    year= 2002,
    volume= 185,
    pages={898--904}
}

@article{rr:crarp,
    author={Robinson, R.C. and others},
    title={Crystal structure of {A}rp2/3 complex},
    journal={Science},
    year= 2001,
    volume= 294,
    pages={1679-1684}
}

@article{rr:rerbp,
    author={Russnak, R. and Nehrke, K.W. and Platt, T.},
    title={{REF2} encodes an {RNA}-binding protein directly involved in yeast {mRNA}
        3'-end formation},
    journal={Mol. Cell. Biol.},
    year= 1995,
    volume= 15,
    number= 3 ,
    pages={1689-1697}
}

@article{sam,
    author={Tusher, V. and Tibshirani, R. and Chu, C},
    title={Significance analysis of microarrays applied to ionizing radiation response},
    journal={Proceedings of the National Academy of Sciences USA},
    year= 2001,
    volume= 98,
    pages={5116--5121},
    annote={http://www-stat.stanford.edu/~tibs/SAM/index.html}
}

@misc{ScanAlyze,
    author={M. B. Eisen},
    title={{\tt ScanAlyze}},
    note={{\tt http://rana.Stanford.EDU/software/} for software and documentation},
    year= 1999
}

@book{Schroder:2003,
    author={Schr{\"o}der, B. S. W.},
    title={Ordered sets},
    publisher={Birkh{\"a}user},
    year= 2003
}

@article{sd:sgd,
    author={Dwight, S.S. and others},
    title={{S}accharomyces {G}enome {D}atabase ({SGD}) provides secondary gene annotation
        using the {G}ene {O}ntology ({GO})},
    journal={Nucleic Acids Res.},
    year= 2002,
    volume= 30,
    pages={69-72}
}

@article{Sebastiani:2003,
    author={Sebastiani, P. and Gussoni, E. and Kohane, I. and Ramoni, M.},
    title={Statistical Challenges in Functional Genomics},
    journal={Statistical Science},
    year= 2003,
    volume= 18,
    pages={33-70},
    issue= 1
}

@book{Sedgewick,
    author={Robert Sedgewick},
    title={Algorithms, 3rd {E}dition},
    publisher={Addison Wesley},
    year= 2002
}

@inproceedings{semsim_psb,
    author={P.W.Lord and R.D. Stevens and A. Brass and C.A.Goble},
    title={{Semantic Similarity Measures as Tools for Exploring the Gene Ontology}},
    booktitle={8th Pacific Symposium on Biocomputing (PSB) },
    year={2003},
    pages={601--612},
    url={http://www.cs.man.ac.uk/~stevensr/papers/psb-similarity-2003-paper.pdf}
}

@book{Serfling:1980,
    author={Serfling, R.},
    title={Approximation Theorems of Mathematical Statistics},
    publisher={John Wiley, New York},
    year={1980}
}

@article{sf:ngsdppi,
    author={Fields, S. and Song, O.},
    title={A model genetic system to detect protein-protein interactions},
    journal={Nature},
    year= 1989,
    volume= 340,
    pages={245-246}
}

@article{sg:fsrrcpasccf1,
    author={Gross, S. and Moore, C.},
    title={Five subunits are required for reconstitution of the cleavage and polyadenylation
        activities of \textit{{S}accharomyces cerevisiae} cleavage factor {I}},
    journal={Proc. Nat. Acad. Sci. U.S.A.},
    year= 2001,
    volume= 98,
    number= 11 ,
    pages={6080-6085}
}

@book{SGB,
    author={Donald E. Knuth},
    title={The Stanford Graph{B}ase},
    publisher={Addison-Wesley},
    year= 1993
}

@article{Sheil:1977,
    author={Sheil, J. and O'Muir\-cheartaigh, I.},
    title={Algorithm \texttt{AS}106. \textsc{T}he distribution of non-negative quadratic forms in
        normal variables},
    journal={Appl. Statist.},
    year= 1977,
    volume= 26,
    pages={92--98}
}

@article{ShortestPath,
    author={X. Zhou and M-C J. Kao and W. H. Wong},
    title={Transitive functional annotation by shortest-path analysis of gene expression
        data},
    journal={PNAS},
    year= 2002,
    volume= 99,
    pages={12783--12788}
}

@book{Siek,
    author={Jeremy G. Siek and Lie-Quan Lee and Andrew Lumsdaine},
    title={The Boost Graph Library},
    publisher={Addison Wesley},
    year= 2002,
    pages= 322
}

@book{Simon:2004,
    author={Richard M. Simon and Edward L. Korn and Lisa M. McShane and Michael D. Radmacher
        and George W. Wright and Yingdong Zhao},
    title={Design and Analysis of DNA Microarray Investigations},
    publisher={Springer-Verlag},
    year= 2004
}

@inbook{Smyth:2005,
    author={Smyth, G.},
    title={Bioinformatics and Computational Biology Solutions using R and Bioconductor},
    chapter={Limma: linear models for microarray data},
    year={2005},
    publisher={Springer, New York},
    pages={397--420},
    editor={Gentleman, R. and Carey, V. and Dudoit, S. and Irizarry, R. and Huber, W.}
}

@incollection{Stevens:2003,
    author={Robert Stevens and Chris Wroe and Phillip Lord and Carole Goble},
    title={Ontologies in Bioinformatics},
    booktitle={Handbook on Ontologies in Information Systems},
    year= 2003,
    publisher={Springer},
    editor={Stefan Staab and Rudi Studer},
    pages={635-657},
    key={ontology,stevens}
}

@article{Tepperman:2001,
    author={Cluster analysis and display of genomewide expression patterns},
    title={Multiple transcription-factor genes are early targets of phytochrome A signaling},
    journal={Proceedings of the National Academy of Sciences},
    year= 2001,
    volume= 98,
    pages={9437-9442},
    issue= 16
}

@inproceedings{Wang-2004,
    author={Wang, H. and Azuaje, F. and Bodenreider O. and Dopazo, J.},
    title={Gene Expression Correlation and Gene-Ontology-Based Similarity: An Assessment
        of Quantitative Relationships},
    booktitle={Proceedings of the IEEE Symposium on Computational Intelligence in Bioinformatics
        and Computational Biology (CIBCB-2004)},
    year= 2004
}

@book{Westfall&Young93,
    author={P. H. Westfall and S. S. Young},
    title={Resampling-based multiple testing: {E}xamples and methods for $p$-value
        adjustment},
    publisher={John Wiley \& Sons},
    year= 1993
}

@incollection{WileyEncy,
    author={A. von Heydebreck and W. Huber and R. Gentleman},
    title={Differential Expression with the Bioconductor Project},
    booktitle={Encyclopedia of Genetics, Genomics, Proteomics and Bioinformatics},
    year= 2004 ,
    publisher={John Wiley and Sons}
}

@article{yeh2003,
    author={I. Yeh and P. Karp and N. Noy and R. Altman},
    title={Knowledge acquisition, consistency checking, and concurrency control for
        Gene Ontology ({GO})},
    journal={Bioinformatics},
    year= 2003,
    volume= 19,
    pages={241--248}
}

@article{Yekutieli&Benjamini99,
    author={D. Yekutieli and Y. Benjamini},
    title={Resampling-based false discovery rate controlling multiple test procedures
        for correlated test statistics},
    journal={Journal of Statistical Planning and Inference},
    year= 1999,
    volume= 82,
    pages={171--196}
}

@article{yh:sipcscms,
    author={Ho, Y. and others},
    title={Systematic identification of protein complexes in \textit{{S}accharomyces
        cerevisiae} by mass spectrometry},
    journal={Nature},
    year= 2002,
    volume= 415,
    pages={180-183}
}

@article{yj:trpp2a,
    author={Jiang, Y. and Broach, J.R.},
    title={Tor proteins and protein phosphatase 2{A} reciprocally regulate {Tap42}
        in controlling cell growth in yeast},
    journal={EMBO J.},
    year= 1999,
    volume= 18,
    number= 10 ,
    pages={2782-2792}
}

@article{ZhangetalBioinf02,
    author={J. Zhang and V. Carey and R. Gentleman},
    title={An extensible application for assembling annotation for genomic data},
    journal={Bioinformatics},
    year= 2002,
    note={(In press)},
    url={http://www.R-project.org/}
}
